<?xml version="1.0" encoding="UTF-8"?><collection xmlns="http://www.loc.gov/MARC21/slim"><record><leader>00554nam--2200205-u-4500</leader><controlfield tag="001">000055201</controlfield><controlfield tag="002">20161230</controlfield><controlfield tag="005">20161230201052</controlfield><controlfield tag="008">121123s1000------------r-----000-0-rus-d</controlfield><datafield ind1=" " ind2=" " tag="040"><subfield code="a">IFIN-HH</subfield></datafield><datafield ind1=" " ind2=" " tag="041"><subfield code="a">rus</subfield></datafield><datafield ind1=" " ind2=" " tag="080"><subfield code="a">538.945:538.93</subfield></datafield><datafield ind1="1" ind2=" " tag="100"><subfield code="a">Geilikman, B.T</subfield></datafield><datafield ind1="1" ind2="0" tag="245"><subfield code="a">Kineticeskie i nestationarnie iavlenia v sverhprovodnikah</subfield><subfield code="c">B.t. geilikman, v.e. kresin</subfield></datafield><datafield ind1=" " ind2=" " tag="260"><subfield code="a">Moskva</subfield><subfield code="b">Nauka</subfield><subfield code="c">1972</subfield></datafield><datafield ind1=" " ind2=" " tag="300"><subfield code="a">175P</subfield></datafield><datafield ind1=" " ind2=" " tag="490"><subfield code="a">Sovremennie Problemi Fiziki</subfield></datafield><datafield ind1="1" ind2=" " tag="700"><subfield code="a">Kresin, V.E</subfield></datafield><datafield ind1=" " ind2=" " tag="852"><subfield code="a">75065</subfield><subfield code="c">539.2</subfield></datafield><datafield ind1=" " ind2=" " tag="CAT"><subfield code="a">Sys</subfield><subfield code="c">20121123</subfield><subfield code="h">122117</subfield></datafield></record></collection>